@INPROCEEDINGS{fusionmethod, 
author={Aparicio, S. and Perez, J. and Bernardos, A.M. and Casar, J.R.}, 
booktitle={Multisensor Fusion and Integration for Intelligent Systems, 2008. MFI 2008. IEEE International Conference on}, 
title={A fusion method based on bluetooth and WLAN technologies for indoor location}, 
year={2008}, 
month={Aug}, 
pages={487-491}, 
keywords={Bluetooth;indoor radio;wireless LAN;Bluetooth;RSS readings;WLAN;WiFi measurements;indoor location;indoor positioning;Bluetooth;Fingerprint recognition;Global Positioning System;Intelligent systems;Merging;Paper technology;Position measurement;Telecommunication standards;Testing;Wireless LAN}, 
doi={10.1109/MFI.2008.4648042},}

@article{HABITS,
 author = {Furey, Eoghan and Curran, Kevin and McKevitt, Paul},
 title = {HABITS: A Bayesian Filter Approach to Indoor Tracking and Location},
 journal = {Int. J. Bio-Inspired Comput.},
 issue_date = {June 2012},
 volume = {4},
 number = {2},
 month = jun,
 year = {2012},
 issn = {1758-0366},
 pages = {79--88},
 numpages = {10},
 url = {http://dx.doi.org/10.1504/IJBIC.2012.047178},
 doi = {10.1504/IJBIC.2012.047178},
 acmid = {2241161},
 publisher = {Inderscience Publishers},
 address = {Inderscience Publishers, Geneva, SWITZERLAND},
}


@Mastersthesis{active-passive,
title = "A survey of active and passive indoor localisation systems ",
journal = "Computer Communications ",
volume = "35",
number = "16",
pages = "1939 - 1954",
year = "2012",
note = "",
issn = "0140-3664",
doi = "http://dx.doi.org/10.1016/j.comcom.2012.06.004",
url = "http://www.sciencedirect.com/science/article/pii/S014036641200196X",
author = "Gabriel Deak and Kevin Curran and Joan Condell",
keywords = "Indoor active localisation",
keywords = "Indoor passive localisation",
keywords = "Location estimation techniques "
}

@Mastersthesis{bluetooth-master-thesis,
author = "Anja Bekkelien",
title = "Bluetooth Indoor Positioning",
school = "University of Geneva",
year = "2012"
}

@Mastersthesis{practical-indoor-localization,
author = "Daan Scheerens", 
title = "Practical Indoor Localization
using Bluetooth",
year = "2012",
School = "University of Twente"}



